@incollection{sep-aristotle,
  author       = {Shields, Christopher},
  title        = {{Aristotle}},
  booktitle    = {The {Stanford} Encyclopedia of Philosophy},
  editor       = {Edward N. Zalta and Uri Nodelman},
  howpublished = {\url{https://plato.stanford.edu/archives/win2023/entries/aristotle/}},
  year         = {2023},
  edition      = {{W}inter 2023},
  publisher    = {Metaphysics Research Lab, Stanford University}
}

@inbook{Viviani+2019+1+94,
  url         = {https://doi.org/10.1515/9780691185743-003},
  title       = {1. Racconto Istorico Della Vita Del Sig.R Galileo Galilei / Historical Account Of The Life Of Galileo Galilei Appendix: Proemio / Preface},
  booktitle   = {On the Life of Galileo},
  booktitle   = {Viviani's Historical Account and Other Early Biographies},
  author      = {Vincenzo Viviani},
  publisher   = {Princeton University Press},
  address     = {Princeton},
  pages       = {1--94},
  doi         = {doi:10.1515/9780691185743-003},
  isbn        = {9780691185743},
  year        = {2019},
  lastchecked = {2023-12-05}
}